@Book{knuth:84,
  author = 	 {Technology Inc, Microchip},
  title = 	 {PIC18FXX2 Data Sheet http://ww1.microchip.com/downloads/en/DeviceDoc/39564c.pdf},
  publisher = 	 {Microchip Technology},
  year = 	 {2006},
  edition = 	 {1th}
}

@InCollection{boulic:91,
  author = 	 {R. Boulic and O. Renault},
  title = 	 {3D Hierarchies for Animation},
  booktitle = 	 {New Trends in Animation and Visualization},
  publisher =    {John Wiley {\&} Sons ltd.},
  year = 	 {1991},
  editor = 	 {Nadia Magnenat-Thalmann and Daniel Thalmann}
}

@InCollection{smith:99,
  author = 	 {A. Smith and B. Jones},
  title = 	 {On the Complexity of Computing},
  booktitle = 	 {Advances in Computer Science},
  pages = 	 {555--566},
  publisher =    {Publishing Press},
  year = 	 {1999},
  editor = 	 {A. B. Smith-Jones}
}
